<?xml version="1.0" encoding="UTF-8"?><record xmlns="http://www.loc.gov/MARC21/slim" xmlns:cinclude="http://apache.org/cocoon/include/1.0" xmlns:zs="http://www.loc.gov/zing/srw/">
  <leader>00393nz  a2200121n  4500</leader>
  <controlfield tag="001">nr 97025664 </controlfield>
  <controlfield tag="003">DLC</controlfield>
  <controlfield tag="005">19970801051954.2</controlfield>
  <controlfield tag="008">970721n| acannaab|          |n aaa     c</controlfield>
  <datafield tag="010" ind1=" " ind2=" ">
    <subfield code="a">nr 97025664 </subfield>
  </datafield>
  <datafield tag="040" ind1=" " ind2=" ">
    <subfield code="a">NjP</subfield>
    <subfield code="c">NjP</subfield>
  </datafield>
  <datafield tag="100" ind1="1" ind2="0">
    <subfield code="a">Miṣrī, Sāmir</subfield>
  </datafield>
  <datafield tag="670" ind1=" " ind2=" ">
    <subfield code="a">Shahādāt ḥawla al-iṣlāḥ wa-al-dīmuqrāṭīyah fī al-sāḥah al-Filasṭīnīyah, 199-:</subfield>
    <subfield code="b">t.p. (Sāmir al-Miṣrī)</subfield>
  </datafield>
</record>